<?xml version="1.0" encoding="UTF-8"?><record xmlns="http://www.loc.gov/MARC21/slim" xmlns:cinclude="http://apache.org/cocoon/include/1.0" xmlns:zs="http://www.loc.gov/zing/srw/">
  <leader>00346nz  a2200133n  4500</leader>
  <controlfield tag="001">no 00003332 </controlfield>
  <controlfield tag="003">DLC</controlfield>
  <controlfield tag="005">20000119070107.0</controlfield>
  <controlfield tag="008">000118n| acannaabn          |n aaa     c</controlfield>
  <datafield tag="010" ind1=" " ind2=" ">
    <subfield code="a">no 00003332 </subfield>
  </datafield>
  <datafield tag="035" ind1=" " ind2=" ">
    <subfield code="a">(OCoLC)oca05137201</subfield>
  </datafield>
  <datafield tag="040" ind1=" " ind2=" ">
    <subfield code="a">InU</subfield>
    <subfield code="b">eng</subfield>
    <subfield code="c">InU</subfield>
  </datafield>
  <datafield tag="100" ind1="1" ind2=" ">
    <subfield code="a">Covington, Phyllis E.</subfield>
  </datafield>
  <datafield tag="670" ind1=" " ind2=" ">
    <subfield code="a">Kalaidescope, 1976:</subfield>
    <subfield code="b">t.p. (Phyllis E. Covington)</subfield>
  </datafield>
</record>